---
---
% Pour un livre
@book{foster2019,
author = "David Foster",
title = "Generative Deep Learning",
publisher = "O’Reilly Media",
year = "2019"
}
% Pour un site internet
@misc{coursml,
author = "Andrew Ng",
title = "Machine Learning by Stanford University",
url = "https://www.coursera.org/learn/machine-learning",
}
  %wikipedia
% https://en.wikipedia.org/wiki/The_Pentagon
% https://en.wikipedia.org/wiki/Artificial_intelligence_arms_race#United_States
@misc{wikipediaocr,
author = "Wikipedia",
title = "Optical character recognition",
url = "https://en.wikipedia.org/wiki/Optical_character_recognition#:~:text=Optical%20character%20recognition%20or%20optical,billboards%20in%20a%20landscape%20photo)",
year = "2020"
}
% Pour un site internet
@misc{Ubiquity,
author = "DONALD M. LAURO",
title = "HUMAN BRAIN AND NEURAL NETWORK BEHAVIOR A COMPARISON",
url = "https://ubiquity.acm.org/article.cfm?id=958078"
}

@misc{tma,
author = "WGBH",
title = "They Made America, Ray Kurzweil",
url = "https://www.pbs.org/wgbh/theymadeamerica/whomade/kurzweil_hi.html",
year = "2004"
}

@book{nistbias,
author = "Patrick Grother and Mei Ngan and Kayee Hanaoka",
title = "Face Recognition Vendor Test (FRVT) Part 3: Demographic Effects",
publisher = "NIST",
year = "2019",
url = "https://nvlpubs.nist.gov/nistpubs/ir/2019/NIST.IR.8280.pdf",
}

@misc{brookings,
author = "Darrel M. West and John R. Allen",
title = "How artificial intelligence is transforming the world",
url = "https://www.brookings.edu/research/how-artificial-intelligence-is-transforming-the-world/",
year = "2018"
}

@misc{nytimes,
author = "Nathaniel Popper",
title = "The Robots Are Coming for Wall Street",
url = "https://www.nytimes.com/2016/02/28/magazine/the-robots-are-coming-for-wall-street.html",
year = "2016"
}

@misc{gouvqc,
author = "Économie et Innovation Québec",
title = "Les avantages et inconvénients de l'intelligence artificielle",
url = "https://www.economie.gouv.qc.ca/objectifs/informer/vecteurs/vecteurs-actualites/vecteurs-actualites-details/?no_cache=1&tx_ttnews%5Btt_news%5D=23153&tx_ttnews%5Bcat%5D=&cHash=2f4aa33c55d12596ff0c2d6f468960bc",
year = "2018"
}

@misc{Michael,
author = "Michael A. Nielsen",
title = "Neural Networl and Deep Learning",
url = "http://neuralnetworksanddeeplearning.com/chap1.html",
year = "2019"
}

@misc{cnnportland,
author = "Rachel Metz",
title = "Portland passes broadest facial recognition ban in the US",
publisher = "CNN",
year = "2020",
url = "https://www.cnn.com/2020/09/09/tech/portland-facial-recognition-ban/index.html",
}

@misc{trendsml,
author = "Google",
title = "Compare",
publisher = "Google Trends",
url = "https://trends.google.com/trends/explore?date=all&q=%2Fm%2F0h1fn8h,machine%20learning",
}

@misc{trendsai,
author = "Google",
title = "Compare",
publisher = "Google Trends",
url = "https://trends.google.com/trends/explore?date=all&q=Artificial%20intelligence",
}

@misc{preprocessing,
author = "Susmith Reddy",
title = "Pre-Processing in OCR",
publisher = "Towardsdatascience", 
year = 2019,
url = "https://towardsdatascience.com/pre-processing-in-ocr-fc231c6035a7",
}

@misc{ibmai,
author = "{IBM Cloud Education}",
title = "Artificial Intelligence (AI)",
publisher = "IBM",
year = "2020",
url = "https://www.ibm.com/cloud/learn/what-is-artificial-intelligence",
}

@misc{harvardeliza,
author = "Corydon Ireland",
title = "Alan Turing at 100",
publisher = "The Harvard Gazette",
year = "2012",
url = "https://news.harvard.edu/gazette/story/2012/09/alan-turing-at-100/",
}

@misc{wiredai,
author = "Tom Simonite",
title = "The WIRED Guide to Artificial Intelligence",
publisher = "WIRED",
year = "2018",
url = "https://www.wired.com/story/guide-artificial-intelligence/",
}

@misc{wikitf,
author = "{Les contributeurs de Wikipedia}",
title = "TensorFlow",
publisher = "Wikipedia",
year = "2020",
url = "https://en.wikipedia.org/wiki/TensorFlow",
}

@report{tfpaper,
author = "Martín Abadi, Ashish Agarwal, Paul Barham, Eugene Brevdo, Zhifeng Chen, Craig Citro,
Greg S. Corrado, Andy Davis, Jeffrey Dean, Matthieu Devin, Sanjay Ghemawat, Ian Goodfellow,
Andrew Harp, Geoffrey Irving, Michael Isard, Yangqing Jia, Rafal Jozefowicz, Lukasz Kaiser,
Manjunath Kudlur, Josh Levenberg, Dan Mane, Rajat Monga, Sherry Moore, Derek Murray,
Chris Olah, Mike Schuster, Jonathon Shlens, Benoit Steiner, Ilya Sutskever, Kunal Talwar,
Paul Tucker, Vincent Vanhoucke, Vijay Vasudevan, Fernanda Viegas, Oriol Vinyals,
Pete Warden, Martin Wattenberg, Martin Wicke, Yuan Yu, and Xiaoqiang Zheng",
title = "TensorFlow: Large-Scale Machine Learning on Heterogeneous Distributed Systems",
publisher = "Google Research",
year = "2015",
url = "http://download.tensorflow.org/paper/whitepaper2015.pdf",
}

@misc{tfmain,
author = "{The TensorFlow developper team}",
title = "TensorFlow",
publisher = "TensorFlow",
year = "2020",
url = "https://www.tensorflow.org",
}

@inbook{Goodfellow-et-al-2016,
  title        = "Machine Learning Basics",
  booktitle    = "Deep Learning Book",
  chapter      = 5,
  author       = "Ian Goodfellow and Yoshua Bengio and Aaron Courville",
  publisher    = "MIT Press",
  note         = "\url{http://www.deeplearningbook.org}",
  year         = "2016"
}

@misc{numpy,
author = "{The Numpy documentation team}",
title = "About us",
publisher = "Numpy",
year = "2020",
url = "https://numpy.org/about/"
}
