% Pour un livre
@book{foster2019,
author = "David Foster",
title = "Generative Deep Learning",
publisher = "O’Reilly Media",
year = "2019"
}
% Pour un site internet
@misc{coursml
author = "Andrew Ng"
title = "Machine Learning by Stanford University"
url = "https://www.coursera.org/learn/machine-learning"
}
@misc{gouv
author = "Ministère de l'économie et de l'innovation
title = "Les avantages et inconvénients de l'intelligence artificielle"
url = "https://www.economie.gouv.qc.ca/objectifs/informer/vecteurs/vecteurs-actualites/vecteurs-actualites-details/?no_cache=1&tx_ttnews%5Btt_news%5D=23153&tx_ttnews%5Bcat%5D=&cHash=2f4aa33c55d12596ff0c2d6f468960bc"
}
% wikipedia
@misc{wikipediaocr
author = "Wikipedia"
title = "Optical character recognition"
url = "https://en.wikipedia.org/wiki/Optical_character_recognition#:~:text=Optical%20character%20recognition%20or%20optical,billboards%20in%20a%20landscape%20photo)"
year = "2020"
}
